<record><leader>00000cas a22000007a 4500</leader><controlfield tag="001">28195052</controlfield><controlfield tag="008">930602d18611862nyuwr ne      0    0eng d</controlfield><datafield ind1=" " ind2=" " tag="010"><subfield code="a">sn 93063618 </subfield></datafield><datafield ind1=" " ind2=" " tag="040"><subfield code="a">NYS</subfield><subfield code="b">eng</subfield><subfield code="c">NYS</subfield><subfield code="d">OCL</subfield><subfield code="d">OCLCQ</subfield><subfield code="d">OCLCF</subfield><subfield code="d">OCLCO</subfield></datafield><datafield ind1="1" ind2=" " tag="029"><subfield code="a">AU@</subfield><subfield code="b">000020230867</subfield></datafield><datafield ind1=" " ind2=" " tag="042"><subfield code="a">msc</subfield></datafield><datafield ind1=" " ind2=" " tag="043"><subfield code="a">n-us-ny</subfield></datafield><datafield ind1="0" ind2=" " tag="130"><subfield code="a">Advance (Ogdensburg, N.Y. : Weekly)</subfield></datafield><datafield ind1="1" ind2="4" tag="245"><subfield code="a">The advance.</subfield></datafield><datafield ind1="1" ind2="3" tag="246"><subfield code="a">Weekly advance</subfield></datafield><datafield ind1=" " ind2=" " tag="260"><subfield code="a">Ogdensburgh, N.Y. :</subfield><subfield code="b">Jas. W. Hopkins,</subfield><subfield code="c">1861-</subfield></datafield><datafield ind1=" " ind2=" " tag="300"><subfield code="a">v.</subfield></datafield><datafield ind1=" " ind2=" " tag="310"><subfield code="a">Weekly</subfield></datafield><datafield ind1="0" ind2=" " tag="362"><subfield code="a">Vol. 1, no. 1 (Mar. 8, 1861)-</subfield></datafield><datafield ind1="1" ind2=" " tag="362"><subfield code="a">Ceased in May 1862.</subfield><subfield code="z">Cf. Child, H. Gazetteer and business directory of St. Lawrence County, N.Y., 1873.</subfield></datafield><datafield ind1=" " ind2=" " tag="588"><subfield code="a">Latest issue consulted: Vol. 2, no. 2 (Mar. 14, 1862).</subfield></datafield><datafield ind1=" " ind2="0" tag="651"><subfield code="a">Ogdensburg (N.Y.)</subfield><subfield code="v">Newspapers.</subfield></datafield><datafield ind1=" " ind2="0" tag="651"><subfield code="a">Saint Lawrence County (N.Y.)</subfield><subfield code="v">Newspapers.</subfield></datafield><datafield ind1=" " ind2="7" tag="655"><subfield code="a">Newspapers.</subfield><subfield code="2">fast</subfield><subfield code="0">(OCoLC)fst01423814</subfield></datafield><datafield ind1=" " ind2="7" tag="651"><subfield code="a">New York (State)</subfield><subfield code="z">Ogdensburg.</subfield><subfield code="2">fast</subfield><subfield code="0">(OCoLC)fst01205287</subfield></datafield><datafield ind1=" " ind2="7" tag="651"><subfield code="a">New York (State)</subfield><subfield code="z">Saint Lawrence County.</subfield><subfield code="2">fast</subfield><subfield code="0">(OCoLC)fst01202920</subfield></datafield><datafield ind1=" " ind2=" " tag="752"><subfield code="a">United States</subfield><subfield code="b">New York</subfield><subfield code="c">Saint Lawrence</subfield><subfield code="d">Ogdensburg.</subfield></datafield><datafield ind1="0" ind2=" " tag="775"><subfield code="t">Advance (Ogdensburg, N.Y. : Daily)</subfield><subfield code="w">(DLC)sn 85026929</subfield><subfield code="w">(OCoLC)12741619</subfield></datafield><datafield ind1="0" ind2="4" tag="785"><subfield code="t">St. Lawrence Democrat (Ogdensburg, N.Y.)</subfield><subfield code="w">(DLC)sn 84024297</subfield><subfield code="w">(OCoLC)11115355</subfield></datafield></record>